<?xml version="1.0" encoding="UTF-8"?><record xmlns="http://www.loc.gov/MARC21/slim" xmlns:cinclude="http://apache.org/cocoon/include/1.0" xmlns:zs="http://www.loc.gov/zing/srw/">
  <leader>00541cz  a2200145n  4500</leader>
  <controlfield tag="001">n 2002109409</controlfield>
  <controlfield tag="003">DLC</controlfield>
  <controlfield tag="005">20020923145443.0</controlfield>
  <controlfield tag="008">020919n| acannaabn          |a aaa      </controlfield>
  <datafield tag="010" ind1=" " ind2=" ">
    <subfield code="a">n 2002109409</subfield>
  </datafield>
  <datafield tag="040" ind1=" " ind2=" ">
    <subfield code="a">DLC</subfield>
    <subfield code="b">eng</subfield>
    <subfield code="c">DLC</subfield>
    <subfield code="d">DLC</subfield>
  </datafield>
  <datafield tag="100" ind1="1" ind2=" ">
    <subfield code="a">Wachter, Michael,</subfield>
    <subfield code="d">1948-</subfield>
  </datafield>
  <datafield tag="400" ind1="1" ind2=" ">
    <subfield code="a">Wachter, Mike,</subfield>
    <subfield code="d">1948-</subfield>
  </datafield>
  <datafield tag="670" ind1=" " ind2=" ">
    <subfield code="a">Wachter, Mike. 8 lies of teamwork, c2002:</subfield>
    <subfield code="b">t.p. (Michael Wachter) p. 160 (Mike Wachter, Pres. of Corporate Impact; M.B.A., Cleveland State)</subfield>
  </datafield>
  <datafield tag="670" ind1=" " ind2=" ">
    <subfield code="a">Email from author Sept. 20, 2002</subfield>
    <subfield code="b">(Michael Gregory Wachter b. Oct. 26, 1948)</subfield>
  </datafield>
</record>